@misc{ Inc11,
   author = {WebMediaBrands Inc.},
   title = {AllFacebook},
   year = {2011},
   howpublished = {\url{http://allfacebook.de/userdata/}},
   note = {[Online; accessed 11-August-2011]}
 }