% This file was created with JabRef 2.7.2.
% Encoding: UTF8

@MISC{Google2012,
  author = {Google},
  title = {News Search Interest: plagiat},
  howpublished = {\url{http://www.google.com/insights/search/\#q=Plagiat&geo=DE&date=1%2F2011%2013m&gprop=news&cmpt=q}},
  year = {2012},
  note = {[Online; accessed 07-February-2012]}
}

@BOOK{Marcotte2011,
  title = {Responsive Web Design},
  publisher = {A Book Apart},
  year = {2011},
  author = {Ethan Marcotte},
  pages = {150}
}

@book{ Zeldman2010,
   author = {Jeffrey Zeldman and Ethan Marcotte},
   title = {Designing with web standards},
   year = {2010},
   publisher = {New Riders},
   edition = {3rd Ed.}
 }

@MISC{Spiegel-Online2011,
  author = {Spiegel-Online},
  title = {Streit über VroniPlag-Gründer "Verprellter Liebhaber oder SPD-Mitglied,
	das ist egal"},
  howpublished = {\url{http://www.spiegel.de/unispiegel/wunderbar/0,1518,778626,00.html}},
  year = {2011},
  note = {[Online; accessed 26.02.12]},
  owner = {Dominik},
  timestamp = {2012.02.25}
}

@MISC{Trends,
  author = {Built With Trends, dummy},
  title = {jQuery Usage Trends},
  howpublished = {\url{http://trends.builtwith.com/javascript/jQuery}},
  note = {[accessed online 01.03.12]},
  owner = {Dominik},
  year = {2012},
  timestamp = {2012.03.01}
}

@MISC{Weber-Wulff2011,
  author = {Dr. Debora Weber-Wulff},
  title = {Master Project: Plagiarism Detection Cockpit},
  howpublished = {\url{http://www.f4.htw-berlin.de/~weberwu/classes/HTW/projects/Plagiarism-Detection-Cockpit.shtml}},
  year = {2011},
  note = {[Online; accessed 26.02.12]},
  owner = {Dominik},
  timestamp = {2012.02.26}
}


@MISC{Heise2012,
  author = {Heise},
  title = {API-Dokumentation mit NetBeans und ApiGen},
  howpublished = {\url{http://www.heise.de/developer/meldung/API-Dokumentation-mit-NetBeans-und-ApiGen-1410250.html}},
  year = {2012},
  note = {[Online; accessed 08.03.12]},
  owner = {Dominik}
}

@MISC{Apigen,
  author = {Apigen},
  title = {api documentation generator for PHP 5.3+},
  howpublished = {\url{http://apigen.org/}},
  year = {2012},
  note = {[Online; accessed 08.03.12]},
  owner = {Dominik}
}

@MISC{PHPDocumentor,
  author = {PHPDocumentor},
  title = {phpDocumentor: The complete documentation solution for PHP},
  howpublished = {\url{http://www.phpdoc.org/}},
  year = {2012},
  note = {[Online; accessed 08.03.12]},
  owner = {Dominik}
}

@MISC{UEfAP,
  author = {UEfAP},
  title = {Avoiding plagiarism},
  howpublished = {\url{http://www.uefap.com/writing/plagiar/plagiar.htm}},
  year = {2012},
  note = {[Online; accessed 16.03.12]},
  owner = {Tien}
}

@misc{ wiki:Citation,
   author = "Wikipedia",
   title = "Citation (disambiguation) --- Wikipedia{,} The Free Encyclopedia",
   year = "2011",
   url = "http://en.wikipedia.org/w/index.php?title=Citation_(disambiguation)&oldid=432313019",
   note = "[Online; accessed 20-March-2012]"
 }
 
 @misc{ Wiredprof2010,
   author = "Wiredprof",
   title = "Plagiarism, Paraphrasing, And Scholarly Integrity",
   year = "2010",
   url = "http://www.wiredprof.com/100/lectures/Plagiarism.htm",
   note = "[Online; accessed 20-March-2012]"
 }
 
